<record><leader>00000cas a22000007a 4500</leader><controlfield tag="001">34548126</controlfield><controlfield tag="008">960410d19011902okuwr n       0    0eng d</controlfield><datafield ind1=" " ind2=" " tag="010"><subfield code="a">sn 96087675 </subfield></datafield><datafield ind1=" " ind2=" " tag="040"><subfield code="a">OBN</subfield><subfield code="b">eng</subfield><subfield code="c">OBN</subfield><subfield code="d">OCLCQ</subfield><subfield code="d">OCLCO</subfield></datafield><datafield ind1="1" ind2=" " tag="029"><subfield code="a">AU@</subfield><subfield code="b">000025921231</subfield></datafield><datafield ind1=" " ind2=" " tag="042"><subfield code="a">msc</subfield></datafield><datafield ind1=" " ind2=" " tag="043"><subfield code="a">n-us-ok</subfield></datafield><datafield ind1="0" ind2="4" tag="245"><subfield code="a">The Lawton lariat.</subfield></datafield><datafield ind1=" " ind2=" " tag="260"><subfield code="a">Lawton, Oklahoma Teritory [Okla.] :</subfield><subfield code="b">Abbott Bros.</subfield></datafield><datafield ind1=" " ind2=" " tag="300"><subfield code="a">v.</subfield></datafield><datafield ind1=" " ind2=" " tag="310"><subfield code="a">Weekly</subfield></datafield><datafield ind1="1" ind2=" " tag="362"><subfield code="a">Began Aug. 30, 1901; ceased in 1902.</subfield></datafield><datafield ind1=" " ind2=" " tag="588"><subfield code="a">Description based on: Vol. 1, no. 7 (Oct. 11, 1901).</subfield></datafield><datafield ind1=" " ind2="0" tag="651"><subfield code="a">Lawton (Okla.)</subfield><subfield code="v">Newspapers.</subfield></datafield><datafield ind1=" " ind2="0" tag="651"><subfield code="a">Comanche County (Okla.)</subfield><subfield code="v">Newspapers.</subfield></datafield><datafield ind1=" " ind2="0" tag="651"><subfield code="a">Oklahoma Territory (Okla.)</subfield><subfield code="v">Newspapers.</subfield></datafield><datafield ind1=" " ind2=" " tag="752"><subfield code="a">United States</subfield><subfield code="b">Oklahoma</subfield><subfield code="c">Comanche</subfield><subfield code="d">Lawton.</subfield></datafield><datafield ind1="0" ind2="0" tag="785"><subfield code="t">Lawton daily enterprise</subfield><subfield code="w">(DLC)sn 96087676</subfield><subfield code="w">(OCoLC)34548438</subfield></datafield></record>